
@article{bradley1952rank,
  title={Rank analysis of incomplete block designs: I. The method of paired comparisons},
  author={Bradley, Ralph Allan and Terry, Milton E},
  journal={Biometrika},
  volume={39},
  number={3/4},
  pages={324--345},
  year={1952},
  publisher={JSTOR}
}

@article{agresti1992analysis,
  title={Analysis of ordinal paired comparison data},
  author={Agresti, Alan},
  journal={Journal of the Royal Statistical Society: Series C (Applied Statistics)},
  volume={41},
  number={2},
  pages={287--297},
  year={1992},
  publisher={Wiley Online Library}
}

@article{tutz1986bradley,
  title={Bradley-Terry-Luce models with an ordered response},
  author={Tutz, Gerhard},
  journal={Journal of mathematical psychology},
  volume={30},
  number={3},
  pages={306--316},
  year={1986},
  publisher={Elsevier}
}

@article{davidson1970extending,
  title={On extending the Bradley-Terry model to accommodate ties in paired comparison experiments},
  author={Davidson, Roger R},
  journal={Journal of the American Statistical Association},
  volume={65},
  number={329},
  pages={317--328},
  year={1970},
  publisher={Taylor \& Francis}
}

@article{springall1973response,
  title={Response Surface Fitting Using a Generalization of the Bradley-Terry Paired Comparison Model},
  author={Springall, A},
  journal={Journal of the Royal Statistical Society: Series C (Applied Statistics)},
  volume={22},
  number={1},
  pages={59--68},
  year={1973},
  publisher={Wiley Online Library}
}
@article{Turner2012Firth,
  title={Bradley-Terry models in R: the BradleyTerry2 package},
  author={Turner, Heather and Firth, David},
  journal={Journal of Statistical Software},
  volume={48},
  pages={1--21},
  year={2012}
}

@article{francis2010,
  title={Modeling heterogeneity in ranked responses by nonparametric maximum likelihood: How do Europeans get their scientific knowledge?},
  author={Francis, Brian and Dittrich, Regina and Hatzinger, Reinhold},
  journal={The annals of applied statistics},
  pages={2181--2202},
  year={2010},
  publisher={JSTOR}
}

@article{schauberger2017,
  title={Subject-specific modelling of paired comparison data: A lasso-type penalty approach},
  author={Schauberger, Gunther and Tutz, Gerhard},
  journal={Statistical Modelling},
  volume={17},
  number={3},
  pages={223--243},
  year={2017},
  publisher={SAGE Publications Sage India: New Delhi, India}
}

@article{thurner2000policy,
  title={Policy-specific alienation and indifference in the calculus of voting: A simultaneous model of party choice and abstention},
  author={Thurner, Paul W and Eymann, Angelika},
  journal={Public Choice},
  volume={102},
  number={1},
  pages={49--75},
  year={2000},
  publisher={Springer}
}

@article{mauerer2015modeling,
  title={Modeling electoral choices in multiparty systems with high-dimensional data: A regularized selection of parameters using the lasso approach},
  author={Mauerer, Ingrid and P{\"o}{\ss}necker, Wolfgang and Thurner, Paul W and Tutz, Gerhard},
  journal={Journal of choice modelling},
  volume={16},
  pages={23--42},
  year={2015},
  publisher={Elsevier}
}

@article{zou2006,
  title={The adaptive lasso and its oracle properties},
  author={Zou, Hui},
  journal={Journal of the American statistical association},
  volume={101},
  number={476},
  pages={1418--1429},
  year={2006},
  publisher={Taylor \& Francis}
}

@article{schauberger2019btllasso,
  title={BTLLasso: a common framework and software package for the inclusion and selection of covariates in Bradley-Terry models},
  author={Schauberger, Gunther and Tutz, Gerhard},
  journal={Journal of Statistical Software},
  volume={88},
  pages={1--29},
  year={2019}
}

@article{gneiting2007strictly,
  title={Strictly proper scoring rules, prediction, and estimation},
  author={Gneiting, Tilmann and Raftery, Adrian E},
  journal={Journal of the American statistical Association},
  volume={102},
  number={477},
  pages={359--378},
  year={2007},
  publisher={Taylor \& Francis}
}

@article{lago2016home,
  title={Home advantage in football: Examining the effect of scoring first on match outcome in the five major European leagues},
  author={Lago-Pe{\~n}as, Carlos and G{\'o}mez-Ruano, Miguel and Meg{\'\i}as-Navarro, Diego and Pollard, Richard},
  journal={International Journal of Performance Analysis in Sport},
  volume={16},
  number={2},
  pages={411--421},
  year={2016},
  publisher={Taylor \& Francis}
}

@article{R-language,
	title   = {R: A Language and Environment for Statistical Computing},
	author  = {{R Core Team}},
	journal = {R Foundation for Statistical Computing},
	place   = {Vienna, Austria},
	year    = {2022},
	url     = {http://www.R-project.org/}
}

@article{cattelan2012models,
  title={Models for paired comparison data: A review with emphasis on dependent data},
  author={Cattelan, Manuela},
  journal={Statistical Science},
  volume={27},
  number={3},
  pages={412--433},
  year={2012},
  publisher={Institute of Mathematical Statistics}
}

@article{copas1983regression,
  title={Regression, prediction and shrinkage},
  author={Copas, John B},
  journal={Journal of the Royal Statistical Society: Series B (Methodological)},
  volume={45},
  number={3},
  pages={311--335},
  year={1983},
  publisher={Wiley Online Library}
}

@article{tibshirani1996regression,
  title={Regression shrinkage and selection via the lasso},
  author={Tibshirani, Robert},
  journal={Journal of the Royal Statistical Society: Series B (Methodological)},
  volume={58},
  number={1},
  pages={267--288},
  year={1996},
  publisher={Wiley Online Library}
}

@article{firth2004quasi,
  title={Quasi-variances},
  author={Firth, David and De Menezes, Ren{\'e}e X},
  journal={Biometrika},
  volume={91},
  number={1},
  pages={65--80},
  year={2004},
  publisher={Oxford University Press}
}

@article{turner2012bradley,
  title={Bradley-Terry models in R: the BradleyTerry2 package},
  author={Turner, Heather and Firth, David},
  journal={Journal of Statistical Software},
  volume={48},
  pages={1--21},
  year={2012}
}

@article{henderson2005bootstrap,
  title={The bootstrap: a technique for data-driven statistics. Using computer-intensive analyses to explore experimental data},
  author={Henderson, A Ralph},
  journal={Clinica chimica acta},
  volume={359},
  number={1-2},
  pages={1--26},
  year={2005},
  publisher={Elsevier}
}


@online{site:speculazione,
	title   = {Fonseca sul calcio italiano},
	url     = {https://www.cronachedispogliatoio.it/fonseca-sul-calcio-italiano-il-loro-gioco-e-tattico-ma-anche-strategico/l}
}


@online{site:storyGenoa,
	title   = {Andamento Genoa 2021/2022},
	url     = {https://potenza.iamcalcio.it/dettagli/3/serie-a/17/genoa/54979/2021-2022.html}
}

@online{site:storySal,
	title   = {Andamento Salernitana 2021/2022},
	url     = {https://potenza.iamcalcio.it/dettagli/3/serie-a/70/salernitana/54979/2021-2022.html}
}

@online{site:storyAta,
	title   = {Andamento Atalanta 2021/2022},
	url     = {https://www.iamcalcio.it/dettagli/3/serie-a/15/atalanta/54979/2021-2022.html}
}

@online{site:storySamp,
	title   = {Andamento Sampdoria 2021/2022},
	url     = {https://benevento.iamcalcio.it/dettagli/3/serie-a/14/sampdoria/54979/2021-2022.html}
}

@online{site:sarrismotr,
	title   = {Sarrismo},
	url     = {https://www.treccani.it/vocabolario/sarrismo_%28Neologismi%29/}
}

@online{site:sarrismo,
	title   = {Lazio, il Sarrismo spiegato con i numeri: ecco i dati da record},
	url     = {https://www.corrieredellosport.it/news/calcio/serie-a/lazio/2022/10/24-98908324/lazio_il_sarrismo_spiegato_con_i_numeri_ecco_i_dati_da_record}
}

@online{site:torino,
	title   = {Torino: il possesso palla c’è, ma latitano i tiri},
	url     = {https://www.toronews.net/toro/torino-il-possesso-palla-ce-ma-latitano-i-tiri-serve-piu-intesa/}
}
@online{site:agile-manifesto,
	title   = {Library bradleyterry2},
	url     = {https://cran.r-project.org/package=BradleyTerry2},
	note  = {Libreria per la modellazione delle paired comparisons}
}